@book{Fortney,
  title={A visual introduction to differential forms and calculus on manifolds},
  author={Jon Pierre Fortney},
  year={2018},
  publisher={springer}
}

@book{Griffiths,
  title={Principles of Algebraic Geometry},
  author={Phillip Griffiths, Joseph Harris},
  year={1994},
  publisher={John Wiley {\&} Sons}
}

@book{Jost,
  title={Riemannian Geometry and Geometric Analysis},
  author={Jürgen Jost},
  year={2017},
  publisher={Springer Cham}
}

@book{Cohen,
  title={The Topology of Fiber Bundles : Lecture Notes},
  author={Ralph L. Cohen.},
  year={1998},
  publisher={Stanford University}
}
‌
@book{Moroianu,
  title={Lectures on Kahler Geometry},
  author={Andrei Moroianu},
  year={2010},
  publisher={Cambridge University Press}
}

@book{Tu,
  title={An Introduction to Manifolds},
  author={Loring W. Tu},
  year={2007},
  publisher={Springer New York, NY}
}

@book{Lee,
  title={Introduction to Smooth Manifolds},
  author={John M. Lee},
  year={2006},
  publisher={Springer New York, NY}
}

@book{Huybrechts,
  title={Complex Geometry: An Introduction},
  author={Daniel Huybrechts},
  year={2004},
  publisher={Springer Berlin, Heidelberg}
}

@book{McInerney,
  title={First Steps in Differential Geometry},
  author={Andrew McInerney},
  year={2013},
  publisher={Springer New York, NY}
}

@online{Yang,
  author       = {Xiaokui Yang},
  title        = {Riemannian Geometry},
  year         = {2022},
  note         = {Lecture notes},
  url          = {https://bowenl-math.github.io/notes/2022Fall/Riemannian_geometry.pdf},
  lastupdated  = {2023-07-27},
}



@online{kconrad_com,
	author       = {Keith Conrad},
	title        = {Complexification},
	year         = {-},
	note         = {Lecture notes},
	url          = {https://kconrad.math.uconn.edu/blurbs/linmultialg/complexification.pdf},
}




@misc{jain2017calabi,
      title={The Calabi Conjecture}, 
      author={Rohit Jain and Jason Jo},
      year={2017},
      eprint={1703.06945},
      archivePrefix={arXiv},
      primaryClass={math.DG}
}

@online{CANDELAS198546,
title = {Vacuum configurations for superstrings},
journal = {Nuclear Physics B},
volume = {258},
pages = {46-74},
year = {1985},
doi = {https://doi.org/10.1016/0550-3213(85)90602-9},
url = {https://www.sciencedirect.com/science/article/pii/0550321385906029},
author = {P. Candelas and Gary T. Horowitz and Andrew Strominger and Edward Witten}
}

@online{calabi_conj,
	title = {Isometric Imbedding of Complex Manifolds},
	journal = {Annals of Mathematics},
	URL = {http://www.jstor.org/stable/1969817},
	author = {Eugenio Calabi},
	year = {1953}
}

@misc{bouchard2007lectures,
	title={Lectures on complex geometry and Calabi-Yau manifolds}, 
	author={Vincent Bouchard},
	year={2007},
	eprint={hep-th/0702063},
	archivePrefix={arXiv},
	primaryClass={hep-th}
}

@book{calabi54,
	title={The space of Kahler metrics},
	author={E. Calabi},
	year={1954},
	publisher={Proceedings of the International Congress of Mathematics, Amsterdam, vol. 2, pp. 206-207}
}

@book{calabi57,
	title={On Kahler manifolds with vanishing canonical class},
	author={E. Calabi},
	year={1957},
	publisher={Algebraic geometry and topology, a symposium in honour of S. Lefschetz, pp. 78-89. Princeton University Press, Princeton}
}

@book{DGLie,
	title={Differential Geometry and Lie Groups},
	author={Jean Gallier, Jocelyn Quaintance},
	year={2020},
	publisher={Springer Cham}
}

@misc{liu2010geometry,
	title={Geometry of Hermitian manifolds}, 
	author={Kefeng Liu and Xiaokui Yang},
	year={2010},
	eprint={1011.0207},
	archivePrefix={arXiv},
	primaryClass={math.DG}
}

@book{che1971,
	title={The splitting theorem for manifolds},
	author={J. Cheeger and D. Gromoll},
	year={1971},
	publisher={J. Differential Geometry 6, pp. 119–128}
}

@book{calabi77,
	title={Calabi’s conjecture and some new results in algebraic geometry},
	author={Shing-Tung Yau},
	year={1977},
	publisher={Proceedings of the National Academy of Sciences of the United States of America, pp. 74-79, USA},
	doi = {https://doi.org/10.1073/pnas.74.5.1798}
}

@book{calabi79,
	title={On Ricci curvature of a compact K¨ahler manifold},
	author={Shing-Tung Yau},
	year={1979},
	publisher={Comm. Pure and App. Math, pp. 339–411}
}



@book{Hawking_BH,
	title = {Black holes and thermodynamics},
	author = {Hawking, S. W.},
	publisher = {American Physical Society, Physical Review D, vol. 13, issue 2, pp. 191-197},
	year = {1976},
	doi = {10.1103/PhysRevD.13.191},
	url = {https://link.aps.org/doi/10.1103/PhysRevD.13.191}
}


@misc{isham1992canonical,
	title={Canonical Quantum Gravity and the Problem of Time}, 
	author={Chris J. Isham},
	year={1992},
	eprint={gr-qc/9210011},
	archivePrefix={arXiv},
	primaryClass={gr-qc}
}

@book{Green_Schwarz_Witten_2012, 
	place={Cambridge}, 
	series={Cambridge Monographs on Mathematical Physics}, 
	title={Superstring Theory}, 
	publisher={Cambridge University Press}, 
	author={Green, Michael B. and Schwarz, John H. and Witten, Edward}, 
	year={2012}, 
	collection={Cambridge Monographs on Mathematical Physics}
}
@book{Einstein1905,
	author = {Einstein, A.},
	title = {Zur Elektrodynamik bewegter K{\"o}rper},
	publisher = {Annalen der Physik, vol. 322, pp. 891-921},
	doi = {https://doi.org/10.1002/andp.19053221004},
	url = {https://onlinelibrary.wiley.com/doi/abs/10.1002/andp.19053221004},
	year = {1905}
}

@book{kaluza1921,
	title={Zum Unit{\"a}tsproblem der Physik},
	author={Kaluza, T.},
	year = {1921},
	series={Sitzungsberichte der Preussischen Akademie der Wissenschaften zu Berlin},
	url={https://books.google.com.bd/books?id=OhL9SAAACAAJ},
	year={1921}
}

@book{Klein1926,
	author = {Oskar Klein},
	title = {Quantum Theory and Five-dimensional Relativity Theory},
	publisher = {Z. Phys.},
	year = {1926},
	doi = {10.1142/9789814571616_0006},
	URL = {https://worldscientific.com/doi/abs/10.1142/9789814571616_0006},
}

@misc{kiritsis1998introduction,
	title={Introduction to Superstring Theory}, 
	author={E. Kiritsis},
	year={1998},
	eprint={hep-th/9709062},
	archivePrefix={arXiv},
	primaryClass={hep-th}
}

@misc{jolany2013calabi,
	title={Calabi Conjecture}, 
	author={Hassan Jolany},
	year={2013},
	eprint={1211.4171},
	archivePrefix={arXiv},
	primaryClass={math.DG}
}

@misc{donaldson2010calabiyau,
	title={Calabi-Yau metrics on Kummer surfaces}, 
	author={simon Donaldson},
	year={2010},
	eprint={1007.4218},
	archivePrefix={arXiv},
	primaryClass={math.DG}
}

@book{Tu_cur,
	title={Differential	Geometry},
	author={Loring W. Tu},
	year={2017},
	publisher={Springer Cham}
}

@misc{donaldson2005numerical,
	title={Some numerical results in complex differential geometry}, 
	author={S. K. Donaldson},
	year={2005},
	eprint={math/0512625},
	archivePrefix={arXiv},
	primaryClass={math.DG}
}

@book{du_cur,
	title={Fibre Bundles and Chern-Weil Theory},
	author={Johan L. Dupont},
	year={2003},
	publisher={University of Aarhus, Department of Mathematics, 2003}
}

@book{koba,
	title={Foundations of differential geometry},
	author={Kobayashi, Shoshichi; Nomizu, Katsumi},
	year={1963},
	publisher={John Wiley {\&} Sons}
}

@book{petersen,
	title={Riemannian geometry},
	author={Petersen},
	year={2016},
	publisher={Springer Cham}
}